<?xml version="1.0" encoding="UTF-8"?><collection xmlns="http://www.loc.gov/MARC21/slim"><record><leader>00449nam--2200145-i-4500</leader><controlfield tag="001">000030475</controlfield><controlfield tag="002">20161230</controlfield><controlfield tag="005">20161230201038</controlfield><controlfield tag="008">060222s1000------------r-----000-0-eng-d</controlfield><datafield ind1=" " ind2=" " tag="080"><subfield code="a">512.547.4</subfield></datafield><datafield ind1=" " ind2=" " tag="100"><subfield code="a">Mackey, George W</subfield></datafield><datafield ind1=" " ind2=" " tag="245"><subfield code="a">The theory of unitary group representations</subfield></datafield><datafield ind1=" " ind2=" " tag="260"><subfield code="a">Chicago, And London, University Of Chicago Press, 1976. 372p</subfield></datafield><datafield ind1=" " ind2=" " tag="490"><subfield code="a">Chicago, Lectures In Mathematics Series, Irving Kaplansky, Editor</subfield></datafield><datafield ind1=" " ind2=" " tag="852"><subfield code="a">46571</subfield></datafield></record></collection>